@article{bacchetta,
    author =       {Alessandro Bacchetta et al},
    title =        {Semi-inclusive Deep Inelastic Scattering At Small Transverse Momentum},
    journal = {arXiv:0611265v2},
    year =         {2007}
}

@article{mulders,
      author = {P.J. Mulders, R.D. Tangerman},
      title = {The Complete Tree-Level Result Up to Order $1/Q$ for Polarized Deep-Inelastic Leptoproduction},
      journal = {Nuclear Physics B},
      volume = {461},
      pages = {197-237},
      year = {1996}
}

@article{bjorken,
      author = {J. D. Bjorken, E. A. Paschos},
      title = {Inelastic Electron Proton and $\gamma$ Proton Scattering and the Structure of the Nucleon},
      journal = {SLAC-PUB},
      volume = {572},
      year = {1969}
}

@article{feynman,
      author = {Richard P. Feynman},
      title = {Very High-Energy Collisions of Hadrons},
      journal = {PRL},
      volume = {23},
      year = {1969}
}

@article{clas,
      author = {The CLAS Collaboration},
      title = {The CEBAF Large Acceptance Spectrometer (CLAS)},
      journal = {Nuclear Instruments \& Methods In Physics Research},
      volume = {503},
      year = {2003}
}

@article{slacProp,
      author = {W. Panofsky et al},
      title = {Proposals for initial electron scattering experiments using the SLAC spectrometer facilities},
      year = {1966}
}

@article{tung,
      author = {Wu-Ki Tung},
      title = {Perturbative QCD and the Parton Structure of the Nucleon},
}


